@online{RBGvHSV,
author = {Nathan Glover},
title = {HSV vs RGB},
year = {2016},
url = {https://handmap.github.io/hsv-vs-rgb/},
OPTsubtitle = {Hand Map},
OPTtitleaddon = {•},
OPTlanguage = {•},
OPTversion = {•},
OPTnote = {•},
OPTorganization = {Curtin University},
OPTdate = {26th},
OPTmonth = {October},
OPTaddendum = {•},
OPTpubstate = {•},
OPTurldate = {•},
}

@INPROCEEDINGS{5138693,
  author={Zhao, Xiaochuan and Luo, Qingsheng and Han, Baoling and Li, Xiyu},
  booktitle={2009 4th IEEE Conference on Industrial Electronics and Applications}, 
  title={An image distortion correction algorithm based on quadrilateral fractal approach controlling points}, 
  year={2009},
  volume={},
  number={},
  pages={2676-2681},
  doi={10.1109/ICIEA.2009.5138693}}

@report{OpenCV_Rotate,
author = {OpenCV},
title = {Feature Matching},
type = {Documentation},
institution = {OpenCV},
year = {2017},
OPTsubtitle = {•},
OPTtitleaddon = {•},
OPTlanguage = {•},
OPTnumber = {•},
OPTversion = {•},
OPTnote = {•},
OPTlocation = {•},
OPTmonth = {•},
OPTisrn = {•},
OPTchapter = {•},
OPTpages = {•},
OPTpagetotal = {•},
OPTaddendum = {•},
OPTpubstate = {•},
OPTdoi = {•},
OPTeprint = {•},
OPTeprintclass = {•},
OPTeprinttype = {•},
OPTurl = {https://docs.opencv.org/3.3.0/dc/dc3/tutorial_py_matcher.html},
OPTurldate = {•},
}

@online{google,
author = {Mingxing Tan, Zihang Dai},
title = {Toward Fast and Accurate Neural Networks for Image Recognition},
year = {2021},
url = {https://ai.googleblog.com/2021/09/toward-fast-and-accurate-neural.html},
OPTsubtitle = {•},
OPTtitleaddon = {•},
OPTlanguage = {•},
OPTversion = {•},
OPTnote = {•},
OPTorganization = {•},
OPTdate = {•},
OPTmonth = {•},
OPTaddendum = {•},
OPTpubstate = {•},
OPTurldate = {•},
}

@online{PaulBourke,
author = {Paul Bourke},
title = {Cross Correlation},
year = {1996},
url = {http://www.paulbourke.net/miscellaneous/correlate/},
OPTsubtitle = {•},
OPTtitleaddon = {•},
OPTlanguage = {•},
OPTversion = {•},
OPTnote = {•},
OPTorganization = {•},
OPTdate = {•},
OPTmonth = {•},
OPTaddendum = {•},
OPTpubstate = {•},
OPTurldate = {•},
}

@online{ControlStation,
author = {Control Station},
title = {What is Cross-Correlation?},
year = {2014},
url = {https://controlstation.com/blog/cross-correlation-cross-correlation-isolate-controller-interaction-issues/},
OPTsubtitle = {•},
OPTtitleaddon = {•},
OPTlanguage = {•},
OPTversion = {•},
OPTnote = {•},
OPTorganization = {•},
OPTdate = {21st},
OPTmonth = {June},
OPTaddendum = {•},
OPTpubstate = {•},
OPTurldate = {•},
}

@online{OpenCV_matchTemplate,
author = {OpenCV},
title = {Object Detection},
year = {2022},
url = {https://docs.opencv.org/3.4/df/dfb/group__imgproc__object.html#gga3a7850640f1fe1f58fe91a2d7583695dab65c042ed62c9e9e095a1e7e41fe2773},
OPTsubtitle = {•},
OPTtitleaddon = {•},
OPTlanguage = {•},
OPTversion = {•},
OPTnote = {•},
OPTorganization = {•},
OPTdate = {•},
OPTmonth = {•},
OPTaddendum = {•},
OPTpubstate = {•},
OPTurldate = {01/03/2022},
}

@online{OpenCV_minMaxLoc,
author = {OpenCV},
title = {Operations On Arrays},
year = {2022},
url = {https://docs.opencv.org/3.4/d2/de8/group__core__array.html#gab473bf2eb6d14ff97e89b355dac20707},
OPTsubtitle = {•},
OPTtitleaddon = {•},
OPTlanguage = {•},
OPTversion = {•},
OPTnote = {•},
OPTorganization = {•},
OPTdate = {•},
OPTmonth = {•},
OPTaddendum = {•},
OPTpubstate = {•},
OPTurldate = {01/03/2022},
}

@book{LearningOpenCV,
author = {Adrian Kaehler, Gary Bradski},
title = {Learning OpenCV 3: Computer Vision in C++ with the OpenCV Library},
year = {2016},
OPTeditor = {•},
OPTeditora = {•},
OPTeditorb = {•},
OPTeditorc = {•},
OPTtranslator = {•},
OPTannotator = {•},
OPTcommentator = {•},
OPTintroduction = {•},
OPTforeword = {•},
OPTafterword = {•},
OPTsubtitle = {•},
OPTtitleaddon = {•},
OPTmaintitle = {•},
OPTmainsubtitle = {•},
OPTmaintitleaddon = {•},
OPTlanguage = {•},
OPToriglanguage = {•},
OPTvolume = {•},
OPTpart = {•},
OPTedition = {•},
OPTvolumes = {•},
OPTseries = {•},
OPTnumber = {•},
OPTnote = {•},
OPTpublisher = {•},
OPTlocation = {•},
OPTisbn = {•},
OPTchapter = {•},
OPTpages = {•},
OPTpagetotal = {•},
OPTaddendum = {•},
OPTpubstate = {•},
OPTdoi = {•},
OPTeprint = {•},
OPTeprintclass = {•},
OPTeprinttype = {•},
OPTurl = {https://books.google.com.au/books?id=SKy3DQAAQBAJ&lpg=PT607&dq=TM_CCOEFF&pg=PT419#v=onepage&q&f=false},
OPTurldate = {01/03/2022},
}



